@article{this,
   Author = {Casson, Alexander J. and Rodriguez-Villegas, Esther},
   Title = {Toward online data reduction for portable electroencephalography systems in epilepsy},
   Journal = {IEEE T. Biomed. Eng.},
   Volume = 56,
   Number = 12,
   Pages = {2816-2825},
   Year = 2009
}


@article{that,
   Author = {Casson, Alexander J. and Rodriguez-Villegas, Esther},
   Title = {Toward online data reduction for portable electroencephalography systems in epilepsy},
   Journal = {IEEE T. Biomed. Eng.},
   Volume = 56,
   Number = 12,
   Pages = {2816-2825},
   Year = 2009
}
